% This file was created with JabRef 2.7b.
% Encoding: UTF-8

@INPROCEEDINGS{aehlig2007relativizing,
  author = {Aehlig, K. and Cook, S. and Nguyen, P.},
  title = {Relativizing small complexity classes and their theories},
  booktitle = {Computer Science Logic},
  year = {2007},
  pages = {374--388},
  organization = {Springer},
  owner = {hiroyuki},
  timestamp = {2013.01.09}
}

@INPROCEEDINGS{beame1995relative,
  author = {Beame, P. and Cook, S. and Edmonds, J. and Impagliazzo, R. and Pitassi,
	T.},
  title = {The relative complexity of NP search problems},
  booktitle = {Proceedings of the twenty-seventh annual ACM symposium on Theory
	of computing},
  year = {1995},
  pages = {303--314},
  organization = {ACM},
  owner = {hiroyuki},
  timestamp = {2013.01.20}
}

@INPROCEEDINGS{blum1988theory,
  author = {Blum, L. and Shub, M. and Smale, S.},
  title = {On a theory of computation over the real numbers; NP completeness,
	recursive functions and universal machines},
  booktitle = {Foundations of Computer Science, 1988., 29th Annual Symposium on},
  year = {1988},
  pages = {387--397},
  organization = {IEEE},
  owner = {hiroyuki},
  timestamp = {2013.01.21}
}

@INPROCEEDINGS{bournez11:_solvin_analy_differ_equat_in,
  author = {Bournez, O. and Gra{\c c}a, D. and Pouly, A.},
  title = {Solving Analytic Differential Equations in Polynomial Time over Unbounded
	Domains},
  booktitle = {Mathematical Foundations of Computer Science 2011},
  year = {2011},
  editor = {Murlak, Filip and Sankowski, Piotr},
  volume = {6907},
  series = {Lecture Notes in Computer Science},
  pages = {170--181},
  publisher = {Springer},
  isbn = {978-3-642-22992-3},
  keyword = {Computer Science},
  url = {http://dx.doi.org/10.1007/978-3-642-22993-0_18}
}

@ARTICLE{buss1988relativized,
  author = {Buss, J.F.},
  title = {Relativized alternation and space-bounded computation},
  journal = {Journal of Computer and System Sciences},
  year = {1988},
  volume = {36},
  pages = {351--378},
  number = {3},
  owner = {hiroyuki},
  publisher = {Elsevier},
  timestamp = {2013.01.27}
}

@ARTICLE{chiu2001division,
  author = {Chiu, A. and Davida, G. and Litow, B.},
  title = {Division in logspace-uniform $\mathrm{NC}^1$},
  journal = {RAIRO-Theoretical Informatics and Applications},
  year = {2001},
  volume = {35},
  pages = {259--275},
  number = {03},
  owner = {hiroyuki},
  publisher = {Cambridge Univ Press},
  timestamp = {2013.01.13}
}

@BOOK{coddington1955theory,
  title = {Theory of Ordinary Differential Equations},
  publisher = {McGraw-Hill},
  year = {1955},
  author = {Coddington, E.A. and Levinson, N.},
  owner = {hiroyuki},
  timestamp = {2012.01.28}
}

@ARTICLE{grzegorczyk1955computable,
  author = {Grzegorczyk, A.},
  title = {Computable Functionals},
  journal = {Fund. Math},
  year = {1955},
  volume = {42},
  pages = {168--202},
  number = {19553},
  owner = {hiroyuki},
  timestamp = {2012.01.28}
}

@ARTICLE{hoover1991real,
  author = {Hoover, H.J.},
  title = {Real functions, contraction mappings, and $\mathrm{P}$-completeness},
  journal = {Information and Computation},
  year = {1991},
  volume = {93},
  pages = {333--349},
  number = {2},
  owner = {hiroyuki},
  publisher = {Elsevier},
  timestamp = {2013.01.09}
}

@MISC{kawamura11:_funct_space_repres_and_polyn_time_comput,
  author = {Kawamura, A.},
  title = {On function space representations and polynomial-time computability},
  howpublished = {Dagstuhl Seminar 11411: Computing with Infinite Data},
  year = {2011},
  note = {http://www-imai.is.s.u-tokyo.ac.jp/{\~{}}kawamura/dagstuhl.pdf}
}

@MISC{kawamura2010complexity,
  author = {Kawamura, A.},
  title = {Complexity of Initial Value Problems},
  year = {2010},
  note = {To appear in {\em Fields Institute Communications}},
  owner = {hiroyuki},
  timestamp = {2012.01.28}
}

@ARTICLE{kawamura2010lipschitz,
  author = {Kawamura, A.},
  title = {Lipschitz Continuous Ordinary Differential Equations are Polynomial-Space
	Complete},
  journal = {Computational Complexity},
  year = {2010},
  volume = {19},
  pages = {305--332},
  number = {2},
  owner = {hiroyuki},
  publisher = {Springer},
  timestamp = {2011.12.21}
}

@ARTICLE{kawamura2012complexity,
  author = {Kawamura, A. and Cook, S.},
  title = {Complexity theory for operators in analysis},
  journal = {ACM Transactions on Computation Theory (TOCT)},
  year = {2012},
  volume = {4},
  pages = {5},
  number = {2},
  owner = {hiroyuki},
  publisher = {ACM},
  timestamp = {2013.01.09}
}

@ARTICLE{kawamura2012uniform,
  author = {Kawamura, A. and M{\"u}ller, N. and R{\"o}snick, C. and Ziegler,
	M.},
  title = {Uniform polytime computable operators on univariate real analytic
	functions},
  journal = {CCA 2012},
  year = {2012},
  pages = {19},
  owner = {hiroyuki},
  timestamp = {2013.01.26}
}

@INPROCEEDINGS{ota2013logspace,
  author = {Kawamura, A. and Ota, H.},
  title = {対数空間階層の相対化},
  booktitle = {冬のLAシンポジウム},
  year = {2013},
  owner = {hiroyuki},
  timestamp = {2013.01.29}
}

@ARTICLE{kawamura2012computational,
  author = {Kawamura, A. and Ota, H. and R{\"o}snick, C. and Ziegler, M.},
  title = {Computational complexity of smooth differential equations},
  journal = {Mathematical Foundations of Computer Science 2012},
  year = {2012},
  pages = {578--589},
  owner = {hiroyuki},
  publisher = {Springer},
  timestamp = {2013.01.27}
}

@BOOK{ko1991complexity,
  title = {Complexity theory of real functions},
  publisher = {Birkhauser Boston Inc.},
  year = {1991},
  author = {Ko, K.I.},
  owner = {hiroyuki},
  timestamp = {2013.01.09}
}

@ARTICLE{ko1983computational,
  author = {Ko, K.I.},
  title = {On the Computational Complexity of Ordinary Differential Equations},
  journal = {Information and Control},
  year = {1983},
  volume = {58},
  pages = {157--194},
  number = {1-3},
  owner = {hiroyuki},
  publisher = {Elsevier},
  timestamp = {2011.12.21}
}

@ARTICLE{ko1988computing,
  author = {Ko, K.I. and Friedman, H.},
  title = {Computing Power Series in Polynomial Time},
  journal = {Advances in Applied Mathematics},
  year = {1988},
  volume = {9},
  pages = {40--50},
  number = {1},
  owner = {hiroyuki},
  publisher = {Elsevier},
  timestamp = {2012.01.28}
}

@ARTICLE{ko1982computational,
  author = {Ko, K.I. and Friedman, H.},
  title = {Computational complexity of real functions},
  journal = {Theoretical Computer Science},
  year = {1982},
  volume = {20},
  pages = {323--352},
  number = {3},
  owner = {hiroyuki},
  publisher = {Elsevier},
  timestamp = {2013.01.22}
}

@ARTICLE{ladner1976relativization,
  author = {Ladner, R.E. and Lynch, N.A.},
  title = {Relativization of questions about log space computability},
  journal = {Theory of Computing Systems},
  year = {1976},
  volume = {10},
  pages = {19--32},
  number = {1},
  owner = {hiroyuki},
  publisher = {Springer},
  timestamp = {2013.01.27}
}

@ARTICLE{miller1970recursive,
  author = {Miller, W.},
  title = {Recursive Function Theory and Numerical Analysis},
  journal = {Journal of Computer and System Sciences},
  year = {1970},
  volume = {4},
  pages = {465--472},
  number = {5},
  owner = {hiroyuki},
  publisher = {Elsevier},
  timestamp = {2012.01.28}
}

@ARTICLE{mosier1986root,
  author = {Mosier, R.G.},
  title = {Root neighborhoods of a polynomial},
  journal = {Math. Comp},
  year = {1986},
  volume = {47},
  pages = {265--273},
  number = {175},
  owner = {hiroyuki},
  timestamp = {2013.01.09}
}

@ARTICLE{muller1987uniform,
  author = {M{\"u}ller, N.T.},
  title = {Uniform computational complexity of {T}aylor series},
  journal = {Automata, Languages and Programming},
  year = {1987},
  pages = {435--444},
  owner = {hiroyuki},
  publisher = {Springer},
  timestamp = {2012.04.11}
}

@ARTICLE{neff1994specified,
  author = {Neff, C.A.},
  title = {Specified precision polynomial root isolation is in $\mathrm{NC}$},
  journal = {Journal of Computer and System Sciences},
  year = {1994},
  volume = {48},
  pages = {429--463},
  number = {3},
  owner = {hiroyuki},
  publisher = {Elsevier},
  timestamp = {2013.01.09}
}

@ARTICLE{neff1996efficient,
  author = {Neff, C Andrew and Reif, John H},
  title = {An efficient algorithm for the complex roots problem},
  journal = {Journal of Complexity},
  year = {1996},
  volume = {12},
  pages = {81--115},
  number = {2},
  owner = {hiroyuki},
  publisher = {Orlando, FL: Academic Press,[c1985-},
  timestamp = {2013.02.16}
}

@INPROCEEDINGS{pan1995optimal,
  author = {Pan, Victor Y},
  title = {Optimal (up to polylog factors) sequential and parallel algorithms
	for approximating complex polynomial zeros},
  booktitle = {Proceedings of the twenty-seventh annual ACM symposium on Theory
	of computing},
  year = {1995},
  pages = {741--750},
  organization = {ACM},
  owner = {hiroyuki},
  timestamp = {2013.02.16}
}

@ARTICLE{pour1979computable,
  author = {Pour-el, M.B. and Richards, I.},
  title = {A Computable Ordinary Differential Equation Which Possesses No Computable
	Solution},
  journal = {Annals of Mathematical Logic},
  year = {1979},
  volume = {17},
  pages = {61--90},
  number = {1-2},
  owner = {hiroyuki},
  publisher = {Elsevier},
  timestamp = {2012.01.28}
}

@MISC{todo,
  author = {TODO},
  owner = {hiroyuki},
  timestamp = {2012.01.28}
}

@ARTICLE{toran1991complexity,
  author = {Tor{\'a}n, J.},
  title = {Complexity Classes Defined by Counting Quantifiers},
  journal = {Journal of the ACM (JACM)},
  year = {1991},
  volume = {38},
  pages = {752--773},
  number = {3},
  owner = {hiroyuki},
  publisher = {ACM},
  timestamp = {2012.03.03}
}

@ARTICLE{wagner1986complexity,
  author = {Wagner, K.W.},
  title = {The Complexity of Combinatorial Problems with Succinct Input Representation},
  journal = {Acta Informatica},
  year = {1986},
  volume = {23},
  pages = {325--356},
  number = {3},
  owner = {hiroyuki},
  publisher = {Springer},
  timestamp = {2012.03.03}
}

@BOOK{weihrauch00:_comput_analy,
  title = {Computable Analysis: An Introduction},
  publisher = {Springer},
  year = {2000},
  author = {Weihrauch, Klaus},
  series = {Texts in Theoretical Computer Science}
}

@BOOK{wilkinson1963rounding,
  title = {Rounding errors in algebraic processes},
  publisher = {HM Stationery Office London},
  year = {1963},
  author = {Wilkinson, J.H.},
  owner = {hiroyuki},
  timestamp = {2013.01.26}
}

@ARTICLE{wilson1988measure,
  author = {Wilson, C.B.},
  title = {A measure of relativized space which is faithful with respect to
	depth},
  journal = {Journal of Computer and System Sciences},
  year = {1988},
  volume = {36},
  pages = {303--312},
  number = {3},
  owner = {hiroyuki},
  publisher = {Elsevier},
  timestamp = {2013.01.27}
}

@comment{jabref-meta: selector_publisher:}

@comment{jabref-meta: selector_author:}

@comment{jabref-meta: selector_journal:}

@comment{jabref-meta: selector_keywords:}

